<record><leader>00000cas a22000007a 4500</leader><controlfield tag="001">28793516</controlfield><controlfield tag="008">930910d18601861mouwr ne      0    0eng d</controlfield><datafield ind1=" " ind2=" " tag="010"><subfield code="a">sn 93060014 </subfield></datafield><datafield ind1=" " ind2=" " tag="040"><subfield code="a">MQN</subfield><subfield code="b">eng</subfield><subfield code="c">MQN</subfield><subfield code="d">OCLCQ</subfield></datafield><datafield ind1=" " ind2=" " tag="042"><subfield code="a">msc</subfield></datafield><datafield ind1="0" ind2=" " tag="130"><subfield code="a">Our union (Saint Louis, Mo.)</subfield></datafield><datafield ind1="1" ind2="0" tag="245"><subfield code="a">Our union.</subfield></datafield><datafield ind1=" " ind2=" " tag="260"><subfield code="a">St. Louis, Mo. :</subfield><subfield code="b">Schenck &amp; Co.,</subfield><subfield code="c">1860-1861.</subfield></datafield><datafield ind1=" " ind2=" " tag="300"><subfield code="a">v.</subfield></datafield><datafield ind1=" " ind2=" " tag="310"><subfield code="a">Weekly</subfield></datafield><datafield ind1="0" ind2=" " tag="362"><subfield code="a">Vol. 17, no. 6 (Aug. 16, 1860) = Whole no. 838-v. 18, no. 20 (May 16, 1861) = whole no. 876 ; New ser., no. 1-40.</subfield></datafield><datafield ind1=" " ind2=" " tag="500"><subfield code="a">"Published every Thursday simultaneously at St. Louis, New York, and New Orleans with a special California edition."</subfield></datafield><datafield ind1=" " ind2=" " tag="580"><subfield code="a">Issued with: Presbyterian of our union.</subfield></datafield><datafield ind1=" " ind2=" " tag="752"><subfield code="a">United States</subfield><subfield code="b">Missouri</subfield><subfield code="d">Saint Louis.</subfield></datafield><datafield ind1=" " ind2=" " tag="752"><subfield code="a">United States</subfield><subfield code="b">New York</subfield><subfield code="c">New York</subfield><subfield code="d">New York.</subfield></datafield><datafield ind1=" " ind2=" " tag="752"><subfield code="a">United States</subfield><subfield code="b">Louisiana</subfield><subfield code="c">Orleans</subfield><subfield code="d">New Orleans.</subfield></datafield><datafield ind1="1" ind2=" " tag="777"><subfield code="t">Presbyterian of our union</subfield><subfield code="w">(DLC)sn 93060015</subfield></datafield><datafield ind1="0" ind2="1" tag="780"><subfield code="t">Saint Louis Presbyterian</subfield><subfield code="w">(DLC)sn 92058946</subfield></datafield></record>